<record xmlns="http://www.loc.gov/MARC21/slim" xmlns:xsi="http://www.w3.org/2001/XMLSchema-instance" xsi:schemaLocation="http://www.loc.gov/MARC21/slim http://www.loc.gov/standards/marcxml/schema/MARC21slim.xsd">

  <leader>00664nam a2200145Ia 4500</leader>
  <datafield tag="999" ind2=" " ind1=" ">
    <subfield code="c">1700</subfield>
    <subfield code="d">1700</subfield>
  </datafield>
  <controlfield tag="008">180413b2008    cr ||||| |||| 00| | spa d</controlfield>
  <datafield ind2=" " tag="090" ind1=" ">
    <subfield code="a">06.03.04 </subfield>
    <subfield code="b">1944</subfield>
  </datafield>
  <datafield ind1="1" tag="100" ind2=" ">
    <subfield code="a">Zuñiga Vega, Claudia</subfield>
    <subfield code="e">Compilador/a</subfield>
  </datafield>
  <datafield ind2="0" tag="245" ind1="1">
    <subfield code="a">Conversatorio sobre politicas ambientales en las universidades estatales de Costa Rica / </subfield>
    <subfield code="c">Compiladoras Claudia Zuñiga Vega; Elizabeth Arnáez Serrano; Jacqueline García Fallas; Lidia Hernández Rojas</subfield>
  </datafield>
  <datafield ind2=" " tag="260" ind1=" ">
    <subfield code="a">San José, Costa Rica : </subfield>
    <subfield code="b">Consejo Nacional de Rectores. Comisión Interuniversitaria de Educación Ambiental, </subfield>
    <subfield code="c">2008</subfield>
  </datafield>
  <datafield ind1=" " tag="300" ind2=" ">
    <subfield code="a">27 páginas</subfield>
  </datafield>
  <datafield ind2=" " tag="500" ind1=" ">
    <subfield code="a">Comisión Interuniversitaria de Educación Ambiental (CIEA)</subfield>
  </datafield>
  <datafield ind2="0" tag="650" ind1=" ">
    <subfield code="a">EDUCACIÓN AMBIENTAL </subfield>
    <subfield code="9">439</subfield>
  </datafield>
  <datafield tag="700" ind2=" " ind1="1">
    <subfield code="a">Arnáez Serrano, Elizabeth</subfield>
    <subfield code="9">2521</subfield>
    <subfield code="e">Compilador/a</subfield>
  </datafield>
  <datafield tag="700" ind2=" " ind1=" ">
    <subfield code="a">García Fallas, Jacqueline</subfield>
    <subfield code="9">759</subfield>
    <subfield code="e">Compilador/a</subfield>
  </datafield>
  <datafield ind2=" " tag="700" ind1="1">
    <subfield code="a">Hernández Rojas, Lidia</subfield>
    <subfield code="9">233</subfield>
    <subfield code="e">Compilador/a</subfield>
  </datafield>
  <datafield ind1=" " tag="942" ind2=" ">
    <subfield code="2">z</subfield>
    <subfield code="c">01</subfield>
  </datafield>
</record>